@INPROCEEDINGS{algorithmsNMF,
    author = {Daniel D. Lee and H. Sebastian Seung},
    title = {Algorithms for Non-negative Matrix Factorization},
    booktitle = {In NIPS},
    year = {2000},
    pages = {556--562},
    publisher = {MIT Press}
}